@misc{newzooreport,
    Author = {Newzoo},
    month = {Agosto},
    year = {2024},
    title = {Newzoo's Global Games Market Report 2024},
    note = {https://newzoo.com/resources/trend-reports/newzoos-global-games-market-report-2024-free-version. [\'Ultimo acceso 12 de Octubre de 2024]}
}

@misc{topsell,
    Author = {Zukalous},
    month = {Enero},
    year = {2024},
    title = {What are the top selling indie games of 2023?},
    url = {https://howtomarketagame.com/2024/01/25/what-are-the-top-selling-indie-games-of-2023/},
    note = {https://howtomarketagame.com/2024/01/25/what-are-the-top-selling-indie-games-of-2023/. [\'Ultimo acceso 13 de Octubre de 2024]}
}

@misc{2stepEA,
    Author = {Felipe Dumont and Mar\'ia Cristina Riff},
    year = {2024},
    title = {2-Step Evolutionary Algorithm for the generation of dungeons with lock door missions using horizontal symmetry},
    note = {In . ACM, New York, NY, USA, 9 pages. https://doi.org/10.1145/3638529.3654153}
}

@misc{pgdm,
    Author = {Leonardo Tortoro Pereira and Paulo Victor de Souza Prado and Rafael Miranda Lopes and
and Claudio Fabiano Motta Toledo},
    year = {2021},
    title = {Procedural generation of dungeons' maps and locked-door missions through an evolutionary algorithm validated with players},
    note = {Expert Systems with Applications 180 (2021), 115009}
}

@misc{dgm,
    Author = {Antonios Liapis},
    year = {2017},
    title = {Multi-segment Evolution of Dungeon Game Levels},
    note = {In Proceedings of GECCO '17, Berlin, Germany, July 15-19, 2017, 8 pages. DOI: http://dx.doi.org/10.1145/3071178.3071180}
}

@misc{rogue,
    Author = {Michael Toy and Glenn Wichman and Ken Arnold},
    year = {1980},
    title = {Rogue},
    note = {Game [Atari]. Apyx}
}

@misc{roguecode,
    author       = {Michael Toy and Glenn Wichman and Ken Arnold},
    title        = {Rogue: C\'odigo fuente},
    year         = {1980},
    note         = {https://github.com/Davidslv/rogue. [\'Ultimo acceso 13 de Octubre de 2024]}
}

@misc{CernyEA,
    Author = {Vojtech Cerny and Filip Dechterenko},
    year = {2015},
    title = {Rogue-Like Games as a Playground for Artificial Intelligence - Evolutionary Approach},
    note = {Lecture Notes in Computer Science, 261-271. doi:10.1007/978-3-319-24589-8\_20}
}

@misc{AshlockEA,
    Author = {Daniel Ashlock},
    year = {2015},
    title = {Evolvable fashion-based cellular automata for generating cavern systems},
    note = {IEEE Conference on Computational Intelligence and Games (CIG). doi:10.1109/cig.2015.7317958}
}

@misc{Gellethybrid,
    Author = {Alexander Gellel and Penny Sweetser},
    year = {2020},
    title = {A Hybrid Approach to Procedural Generation of Roguelike Video Game Levels},
    note = {In International Conference on the Foundations of Digital Games (FDG '20), September 15-18, 2020, Bugibba, Malta. ACM, New York, NY, USA, 10 pages. https://doi.org/10.1145/3402942.3402945}
}

